@article {spagnuolo2014bitiodine,
    author={Michele Spagnuolo, Federico Maggi,Stefano Zanero},
    title ={BitIodine: Extracting Intelligence from the Bitcoin Network},
    year={2014}
}

@inproceedings{liao2016cryptolocker,
  title={{Behind Closed Doors: Measurement and Analysis of CryptoLocker Ransoms in Bitcoin}},
  author={Kevin Liao and Ziming Zhao and Adam Doup\'e and Gail-Joon Ahn},
  booktitle={Proceedings of the Symposium on Electronic Crime Research (eCrime)},
  year={2016},
  month=jun,
}

@article{tschorsch2016bitcoin,
    author = {Tschorsch, Florian and Scheuermann, Bjorn},
    citeulike-article-id = {14459697},
    citeulike-linkout-0 = {http://dx.doi.org/10.1109/comst.2016.2535718},
    doi = {10.1109/comst.2016.2535718},
    issn = {1553-877X},
    journal = {IEEE Communications Surveys \& Tutorials},
    month = {FebMar},
    number = {3},
    pages = {2084--2123},
    posted-at = {2017-10-16 21:50:54},
    priority = {2},
    title = {Bitcoin and Beyond: A Technical Survey on Decentralized Digital Currencies},
    url = {http://dx.doi.org/10.1109/comst.2016.2535718},
    volume = {18},
    year = {2016}
}

@mastersthesis{jonas2015deanonym,
	author = {Jonas, David Nick},
	title = {Data-Driven De-Anonymization in Bitcoin},
	year = {2015}	
}

@inproceedings{kharraz2015ransomware,
 	author = {Kharraz, Amin and Robertson, William and Balzarotti, Davide and Bilge, Leyla and Kirda, Engin},
 	title = {Cutting the Gordian Knot: A Look Under the Hood of Ransomware Attacks},
 	booktitle = {Proceedings of the 12th International Conference on Detection of Intrusions and Malware, and Vulnerability Assessment - Volume 9148},
 	series = {DIMVA 2015},
 	year = {2015},
 	isbn = {978-3-319-20549-6},
 	location = {Milan, Italy},
 	pages = {3--24},
 	numpages = {22},
 	url = {http://dx.doi.org/10.1007/978-3-319-20550-2_1},
 	doi = {10.1007/978-3-319-20550-2_1},
 	acmid = {2990854},
 	publisher = {Springer-Verlag New York, Inc.},
 	address = {New York, NY, USA},
 	keywords = {Bitcoin, Malicious activities, Malware, Ransomware, Underground economy}
} 


@inproceedings{meiklejohn2013fistful,
 	author = {Meiklejohn, Sarah and Pomarole, Marjori and Jordan, Grant and Levchenko, Kirill and McCoy, Damon and Voelker, Geoffrey M. and Savage, Stefan},
 	title = {A Fistful of Bitcoins: Characterizing Payments Among Men with No Names},
 	booktitle = {Proceedings of the 2013 Conference on Internet Measurement Conference},
 	series = {IMC '13},
 	year = {2013},
 	isbn = {978-1-4503-1953-9},
 	location = {Barcelona, Spain},
 	pages = {127--140},
 	numpages = {14},
 	url = {http://doi.acm.org/10.1145/2504730.2504747},
 	doi = {10.1145/2504730.2504747},
 	acmid = {2504747},
 	publisher = {ACM},
 	address = {New York, NY, USA},
 	keywords = {anonymity, bitcoin, measurement}
} 

@misc{nakamoto2008bitcoin,
    author = {Nakamoto, Satoshi},
	year = {2008},
	month = {11},
	title = {Bitcoin: A peer-to-peer electronic cash system}
}

@misc{spagnuoloRustyblockparserGithub,
	
	howpublished = "\url{https://github.com/mikispag/rusty-blockparser}",
	author = {Spagnuolo, Michele},
	title = {{Rusty-Blockparser}},
	publisher = {github},
	url = {https://github.com/mikispag/rusty-blockparser}
}

@misc{spagnuoloBitiodineGithub,
	author = {Spagnuolo, Michele},
	title = {BitIodine},
	publisher = {github},
	howpublished = "\url{https://github.com/mikispag/bitiodine}",
	url = {https://github.com/mikispag/bitiodine}
}

@misc{wannacryspreading,
  author = {Adam McNeil},
  title = {{How did the WannaCry ransomworm spread?}},
  howpublished = "\url{https://blog.malwarebytes.com/cybercrime/2017/05/how-did-wannacry-ransomworm-spread/}",
  year = {2017}, 
  note = {"[Online; last-update: 30-May-2017]"}
}

@misc{wannacryicert,
	author = {Computer Emergency Response Team},
	title = {{Come funziona il ransomware WannaCry e cosa fare per proteggersi}},
	howpublished = "\url{https://www.certnazionale.it/news/2017/05/15/come-funziona-il-ransomware-wannacry-e-cosa-fare-per-proteggersi/}",
	year = {2017},
	month = {May}
} 