@article {morales2015polarization,
    author={A. J. Morales, J. Borondo, J. C. Losada and R. M. Benito},
    title ={Measuring Political Polarization: Twitter shows the two sides of Venezuela},
    year={2015},
    month=may
}

@article {Guerra2015polarization,
    author={Pedro H. Calais Guerra, Wagner Meira Jr. Claire Cardie, Robert Kleinberg},
    title ={A Measure of Polarization on Social Media NetworksBased on Community Boundaries},
    year={2015},
   
}

@article {Garimella2015polarization,
    author={Kiran Garimella ,Gianmarco De Francisci Morales, Aristides Gionis e Michael Mathioudakis},
    title ={Reducing Controversy by Connecting Opposing Views}
     
}

@article {pang2015sentiment,
    author={Bo Pang , Lillian Lee},
    title ={Opinion Mining and Sentiment Analysis}
     
}

@article {Kevin2015sentiment,
    author={Kevin P. Murphy},
    title ={Naive Bayes classifiers}
     
}

@misc {test,
	title={ AMAZON},
    howpublished = "\url{https://eu-central-1.console.aws.amazon.com/ec2/v2/home?region=eu-central-1#Instances:sort=instanceId}"
}

@misc {echo,
	title={Echo-Chambers},
    howpublished = "\url{https://en.wikipedia.org/wiki/Echo_chamber_(media)}"
}

@misc {sentiment,
	title={Sentiment Analysis},
    howpublished = "\url{https://en.wikipedia.org/wiki/Sentiment_analysis}"
}

@misc {sentiment2,
	title={Sentiment Analysis},
    howpublished = "\url{https://www.celi.it/soluzioni/opinion-mining/}"
}

@misc {Bayes,
	title={Naive Bayes},
    howpublished = "\url{https://en.wikipedia.org/wiki/Naive_Bayes_classifier}"
}
